@techreport{bib1,
    title = {{ ``Blockchain for government servicesâ€”Use cases security benefits and challenges"}},
    year = {Feb. 2018},
    author = {{A. Alketbi,Q. Nasir and M. A. Talib }},
    institution = {in Proc. 15th Learn. Technol. Conf. (L\&T)}
}

@techreport{bib2,
    title = {{ ``Privacy preserving transparent supply chain management through Hyperledger Fabric"}},
    year = { June 2022},
    author = {{Deebthik Ravi, Sashank Ramachandran , Raahul Vignesh , Vinod Ramesh Falmari , M. Brindha,}},
}
@techreport{bib3,
    title = {{ ``Blockchain-based traceability in Agri-Food supply chain management: A practical implementation"}},
    year = { May 2018},
    author = {{M. P. Caro, M. S. Ali, M. Vecchio, and R. Giaffreda }},
    institution = {in Proc. IoT Vertical Top. Summit Agricult. (IOT Tuscany)}
}
@techreport{bib4,
    title = {{``Blockchain-Based Soybean Traceability in Agricultural Supply Chain"}},
    year = {June 18, 2019},
    author = {{Khaled Salah , Nishra Nizamuddin, Raja Jayaraman and Mohammad Omar}},
    
}
@techreport{bib5,
    title = {{``Journal of Open Innovation: Technology, Market,and Complexity"}},
    year = {2023},
    author = {{Andry Alamsyah, Sri Widiyanesti, Puspita Wulansari, Eva Nurhazizah, Andrieta Shintia Dewi,
    Dadan Rahadian, Dian Puteri Ramadhani, Muhammad Naufal Hakim, Prenzeline Tyasamesi}},
    
}


